%% LaTeX2e file `BiblatexTest.bib'
%% generated by the `filecontents' environment
%% from source `BiblatexTest' on 2020/07/07.
%%
 @misc{A01,
  author = {Author, A.},
  year = {2001},
  title = {Alpha},
 }
 @misc{B02,
  author = {Buthor, B.},
  year = {2002},
  title = {Bravo},
 }
